@ARTICLE{Jauzac2018,
       author = {{Jauzac}, Mathilde and {Mahler}, Guillaume and {Edge}, Alastair C. and {Sharon}, Keren and {Gillman}, Steven and {Ebeling}, Harald and {Harvey}, David and {Richard}, Johan and {Hamer}, Stephen L. and {Fumagalli}, Michele and {Swinbank}, A. Mark and {Kneib}, Jean-Paul and {Massey}, Richard and {Salom{\'e}}},
        title = "{The core of the massive cluster merger MACS J0417.5-1154 as seen by VLT/MUSE}",
      journal = {\mnras},
     keywords = {gravitational lensing: strong, galaxies: clusters: general, galaxies: clusters: individual: MACS J0417.5-1154, Astrophysics - Astrophysics of Galaxies},
         year = 2018,
        month = dec,
       volume = {481},
       number = {3},
        pages = {2901-2916},
          doi = {10.1093/mnras/sty2463},
archivePrefix = {arXiv},
       eprint = {1811.02505},
 primaryClass = {astro-ph.GA},
       adsurl = {https://ui.adsabs.harvard.edu/abs/2018MNRAS.481.2901J},
      adsnote = {Provided by the SAO/NASA Astrophysics Data System}
}

@ARTICLE{Jiang2019,
       author = {{Jiang}, Tianxing and {Malhotra}, Sangeeta and {Rhoads}, James E. and {Yang}, Huan},
        title = "{Direct T$_{e}$ Metallicity Calibration of R23 in Strong Line Emitters}",
      journal = {\apj},
     keywords = {galaxies: abundances, galaxies: evolution, galaxies: starburst, ISM: abundances, Astrophysics - Astrophysics of Galaxies},
         year = 2019,
        month = feb,
       volume = {872},
       number = {2},
          eid = {145},
        pages = {145},
          doi = {10.3847/1538-4357/aaee8a},
archivePrefix = {arXiv},
       eprint = {1806.00311},
 primaryClass = {astro-ph.GA},
       adsurl = {https://ui.adsabs.harvard.edu/abs/2019ApJ...872..145J},
      adsnote = {Provided by the SAO/NASA Astrophysics Data System}
}

@ARTICLE{Rhoads2023,
       author = {{Rhoads}, James E. and {Wold}, Isak G.~B. and {Harish}, Santosh and {Kim}, Keunho J. and {Pharo}, John and {Malhotra}, Sangeeta and {Gabrielpillai}, Austen and {Jiang}, Tianxing and {Yang}, Huan},
        title = "{Finding Peas in the Early Universe with JWST}",
      journal = {\apjl},
     keywords = {Galaxy evolution, Reionization, Emission line galaxies, High-redshift galaxies, Starburst galaxies, Metallicity, James Webb Space Telescope, Gravitational lensing, Blue compact dwarf galaxies, 594, 1383, 459, 734, 1570, 1031, 2291, 670, 165, Astrophysics - Astrophysics of Galaxies},
         year = 2023,
        month = jan,
       volume = {942},
       number = {1},
          eid = {L14},
        pages = {L14},
          doi = {10.3847/2041-8213/acaaaf},
archivePrefix = {arXiv},
       eprint = {2207.12393},
 primaryClass = {astro-ph.GA},
       adsurl = {https://ui.adsabs.harvard.edu/abs/2023ApJ...942L..14R},
      adsnote = {Provided by the SAO/NASA Astrophysics Data System}
}
